% Canadian Primary Sources

@misc{27course,
	entrysubtype = {archival},
	title = {{No. 27 (Winter) War Course}},
	number = {2017/7 Box 3 File 7},
	institution = {Directorate of History and Heritage Archives (DHH)},
	location = {Ottawa}
}

@misc{sos,
	entrysubtype = {archival},
	title = {{Senior Officers' School Precis}},
	number = {2017/7 Box 3 File 9},
	institution = {Directorate of History and Heritage Archives (DHH)},
	location = {Ottawa}
}
