@book{FSR1,
	title = {Field Service Regulations:  Organization and Administration 1930},
	subtitle = {Reprinted with Ammendments Nos 1 -- 11 1939},
	volume = {1},
	shorttitle = {FSR 1},
	publisher = {The War Office},
	date = {1939-12-13},
	location = {London}
}
