% Imperial War Museum 

@video{buildup,
	author 	= {{Army Film Unit}},
	title 	= {The Build-Up of Troops and Mat√©riel in the British Sector of the Normandy Beachhead},
	date	= {1944-07-06},
	note	= {A70 70-1},
	url	= {https://film.iwmcollections.org.uk/record/_BvsowDHz1rSYs2sdsNsvg1He},
}
