% Sources from UK government.

@misc{90wd,
	entrysubtype = {archival},
	title = {{90 Coy RASC} War Diary},
	number = {WO 171/2377},
	institution = {The National Archives UK (TNA)},
	shorthand = {TNA WO 171/2377},
	location = {Kew}
}

@misc{27wd,
	entrysubtype = {archival},
	title = {{HQ 27 Armoured Brigade} War Diary},
	number = {WO 171/623},
	institution = {The National Archives UK (TNA)},
	shorthand = {TNA WO 171/623},
	location = {Kew}
}
	
@misc{1318wd,
	entrysubtype = {archival},
	title = {{13/18 Royal Hussars (Queen Mary's Own)} War Diary},
	number = {WO 171/845},
	institution = {The National Archives UK (TNA)},
	shorthand = {TNA WO 171/845},
	location = {Kew}
}
