% Canadian Primary Sources

@unpublished{pri-testcite,
	author = {Bloggins, Joe},
	title = {This is a title},
	year = {2025},
	note = {this is a note},
	institution = {a big dusty archive}
}
